% =================================================================================================
% = ///////////////////////////////////////////////////////////////////////////////////////////// =
% = ///                                                                                       /// =
% = /// referencias.bib                                                                       /// =
% = ///                                                                                       /// =
% = ///////////////////////////////////////////////////////////////////////////////////////////// =
% =================================================================================================
% -------------------------------------------------------------------------------------------------
% - Author: Chauã Queirolo
% - Data:   01/10/2024
% -------------------------------------------------------------------------------------------------


% =================================================================================================
% -------------------------------------------------------------------------------------------------
% -                                                                                               -
% - BOOK                                                                                          -
% -                                                                                               -
% -------------------------------------------------------------------------------------------------
% =================================================================================================

% -------------------------------------------------------------------------------------------------
% - A book with an explicit publisher.
% -------------------------------------------------------------------------------------------------
% - Required:   author or editor, title, publisher, year
% - Optional:   address, edition, volume, series, month, note, key
% -------------------------------------------------------------------------------------------------

@book{severino,
  author    = {Severino, A. J.},
  title     = {Metodologia da pesquisa: projeto e execução},
  year      = {2007},
  publisher = {Editora Cortez},
  address   = {São Paulo}
}

@book{lakatos,
  author    = {Lakatos, E. M. and Marconi, M. A.},
  title     = {Fundamentos de metodologia científica},
  year      = {2003},
  publisher = {Editora Atlas},
  address   = {São Paulo}
}

@book{creswell,
  author    = {Creswell, J. W.},
  title     = {Research design: qualitative, quantitative, and mixed methods approaches},
  year      = {2014},
  publisher = {SAGE Publications},
  address   = {Thousand Oaks, CA}
}

@book{gil,
  author    = {Gil, A. C.},
  title     = {Como elaborar projetos de pesquisa},
  year      = {2008},
  publisher = {Atlas},
  address   = {São Paulo}
}

@book{koche,
  author    = {Koche, F.},
  title     = {Metodologia de pesquisa: conceitos e práticas},
  year      = {2010},
  publisher = {Editora Saraiva},
  address   = {São Paulo}
}

@book{utp_normas2024,
  author    = {},
  organization = {Universidade Tuiuti do Paraná},
  title     = {Normas para Apresentação de Trabalhos Acadêmicos},
  year      = {2024},
  edition   = {3},
  publisher = {Editora da Universidade Tuiuti do Paraná},
  address   = {Curitiba}
}

@book{leite,
  author    = {Leite, J.},
  title     = {Normas Técnicas: Elaboração e Apresentação de Trabalhos Acadêmico-Científico},
  edition   = {1},
  publisher = {Editora Acadêmica},
  year      = {2003},
  address   = {São Paulo},
  pages     = {332}
}

@book{knuth1984texbook,
  title     = {The TeXbook},
  author    = {Knuth, Donald E.},
  volume    = {A},
  year      = {1984},
  publisher = {Addison-Wesley}
}

@book{goossens1997latex,
  title     = {The LaTeX Companion},
  author    = {Goossens, Michel and Mittelbach, Frank and Samarin, Alexander},
  year      = {1997},
  publisher = {Addison-Wesley}
}

@book{mittelbach2004latex,
  title     = {The LaTeX Companion},
  author    = {Mittelbach, Frank and Goossens, Michel and Braams, Johannes},
  year      = {2004},
  publisher = {Addison-Wesley Professional}
}

@book{tufte1990envisioning,
  title     = {Envisioning Information},
  author    = {Tufte, Edward R.},
  year      = {1990},
  publisher = {Graphics Press}
}

@book{abnt2018,
  author    = {{Associação Brasileira de Normas Técnicas}},
  title     = {NBR 14724: Informação e Documentação: Trabalhos Acadêmicos: Apresentação},
  year      = {2018},
  publisher = {ABNT},
  address   = {Rio de Janeiro}
}

@book{chagas2016,
  author    = {Chagas, C. A. and Oliveira, F. M. and Almeida, J. R. A.},
  title     = {Manual de Redação Científica: Normas e Orientações},
  year      = {2016},
  publisher = {Editora Universitária},
  address   = {Recife}
}

@book{abnt2012,
  author    = {},
  title     = {Norma Brasileira NBR 6024: Informação e Documentação - Numeração Progressiva das Seções de um Documento Escrito},
  year      = {2012},
  publisher = {Associação Brasileira de Normas Técnicas},
  address   = {Rio de Janeiro},
  organization = {ABNT}
}

@book{abnt2012a,
  author    = {},
  title     = {Norma Brasileira NBR 14724: Informação e Documentação - Trabalhos Acadêmicos: Apresentação},
  year      = {2012},
  publisher = {Associação Brasileira de Normas Técnicas},
  address   = {Rio de Janeiro},
  organization = {ABNT}
}


% =================================================================================================
% -------------------------------------------------------------------------------------------------
% -                                                                                               -
% - IN PROCEEDINGS                                                                                -
% -                                                                                               -
% -------------------------------------------------------------------------------------------------
% =================================================================================================

% -------------------------------------------------------------------------------------------------
% - An article in the proceedings of a conference.
% -------------------------------------------------------------------------------------------------
% - Required:   author, title, booktitle, year
% -	Must have:  pages
% - Optional:   organization, publisher, address, month, note, key, volume, number
% -------------------------------------------------------------------------------------------------

@inproceedings{silva2024conferencia,
  author    = {Silva, J. R. and Souza, L. F.},
  title     = {Análise Comparativa de Algoritmos de Classificação},
  booktitle = {Anais do Congresso Brasileiro de Computação},
  year      = {2024},
  pages     = {23--30},
  publisher = {SBC},
  address   = {São Paulo}
}

@inproceedings{pereira2023redes,
  author    = {Pereira, M. A. and Lima, T. S.},
  title     = {Redes Neurais e Aprendizado Profundo: Novas Fronteiras},
  booktitle = {Anais do Simpósio de Inteligência Artificial},
  year      = {2023},
  pages     = {55--60},
  organization = {SBIA},
  address   = {Rio de Janeiro}
}


% =================================================================================================
% -------------------------------------------------------------------------------------------------
% -                                                                                               -
% - ARTICLE                                                                                       -
% -                                                                                               -
% -------------------------------------------------------------------------------------------------
% =================================================================================================

% -------------------------------------------------------------------------------------------------
% - An article from a journal or magazine.
% -------------------------------------------------------------------------------------------------
% - Required:   author, title, journal, year
% - Must have:  volume, number, pages
% - Optional:   note, key, month
% -------------------------------------------------------------------------------------------------

@article{almeida2023bigdata,
  author    = {Almeida, R. T. and Costa, P. F.},
  title     = {Big Data: Impactos na Análise de Dados Corporativos},
  journal   = {Revista Brasileira de Tecnologia da Informação},
  year      = {2023},
  volume    = {12},
  number    = {2},
  pages     = {101--120}
}

@article{rocha2022iot,
  author    = {Rocha, M. A. and Fernandes, D. J.},
  title     = {Internet das Coisas e Aplicações em Smart Cities},
  journal   = {Revista de Engenharia Eletrônica},
  year      = {2022},
  volume    = {7},
  number    = {1},
  pages     = {45--67}
}



% =================================================================================================
% -------------------------------------------------------------------------------------------------
% -                                                                                               -
% - IN COLLECTION                                                                                 -
% -                                                                                               -
% -------------------------------------------------------------------------------------------------
% =================================================================================================

% -------------------------------------------------------------------------------------------------
% - A part of a book with its own title.
% -------------------------------------------------------------------------------------------------
% - Required:   author, title, publisher, year
% - Must have:  editor, chapter, pages
% - Optional:   organization, address, month, note, key
% -------------------------------------------------------------------------------------------------

@incollection{andrade2023capitulo,
  author    = {Andrade, V. M.},
  title     = {Inteligência Artificial: Conceitos e Aplicações},
  booktitle = {Tópicos Avançados em Computação},
  editor    = {Silva, J. R. and Souza, L. F.},
  publisher = {Editora Universitária},
  year      = {2023},
  pages     = {45--78},
  address   = {São Paulo}
}

@incollection{martins2022capitulo,
  author    = {Martins, R. P.},
  title     = {Redes Neurais e Aprendizado de Máquina},
  booktitle = {Tecnologias Emergentes},
  editor    = {Pereira, M. A. and Lima, T. S.},
  publisher = {Editora Ciência Moderna},
  year      = {2022},
  pages     = {101--135},
  address   = {Rio de Janeiro}
}


% =================================================================================================
% -------------------------------------------------------------------------------------------------
% -                                                                                               -
% - THESIS                                                                                        -
% -                                                                                               -
% -------------------------------------------------------------------------------------------------
% =================================================================================================

% -------------------------------------------------------------------------------------------------
% - Required: author, title, school, year
% - Optional: type, address, month, note
% -------------------------------------------------------------------------------------------------

@phdthesis{pereira2022tese,
  author    = {Pereira, S. M.},
  title     = {Modelos Matemáticos de Previsão em Redes Neurais Artificiais},
  school    = {Universidade de São Paulo},
  year      = {2022},
  address   = {São Paulo}
}

@phdthesis{melo2021phd,
  author    = {Melo, J. R.},
  title     = {Aplicação de Algoritmos Genéticos em Otimização de Sistemas},
  school    = {Universidade Federal do Rio de Janeiro},
  year      = {2021},
  address   = {Rio de Janeiro}
}

@mastersthesis{lima2023dissertacao,
  author    = {Lima, F. R.},
  title     = {Análise de Redes Bayesianas na Detecção de Fraudes},
  school    = {Universidade Estadual de Campinas},
  year      = {2023},
  address   = {Campinas}
}

@mastersthesis{costa2022mestrado,
  author    = {Costa, A. B.},
  title     = {Sistemas de Recomendação Baseados em Filtros Colaborativos},
  school    = {Universidade Federal de Minas Gerais},
  year      = {2022},
  address   = {Belo Horizonte}
}

@mastersthesis{oliveira2024tcc,
  author    = {Oliveira, C. S.},
  title     = {Desenvolvimento de um Sistema de Controle de Estoque com RFID},
  year      = {2024},
  school    = {Universidade Federal do Paraná},
  address   = {Curitiba},
  type      = {Trabalho de Conclusão de Curso}
}

@mastersthesis{santos2023tcc,
  author    = {Santos, T. R.},
  title     = {Aplicação de Inteligência Artificial em Sistemas de Saúde Pública},
  year      = {2023},
  school    = {Universidade Federal de Santa Catarina},
  address   = {Florianópolis},
  type      = {Trabalho de Conclusão de Curso}
}


% =================================================================================================
% -------------------------------------------------------------------------------------------------
% -                                                                                               -
% - ONLINE                                                                                        -
% -                                                                                               -
% -------------------------------------------------------------------------------------------------
% =================================================================================================

% -------------------------------------------------------------------------------------------------
% - Required: author or organization, title, url, urlaccessdate, year
% -------------------------------------------------------------------------------------------------

@online{xkcd-graph,
    author    = {XKCD},
    year      = {2024},
    title     = {Scientific Paper Graph Quality},
    url       = {https://xkcd.com/1945/},
    urlaccessdate = {05 out. 2024}
}

@online{xkcd-conclusion,
    author    = {XKCD},
    year      = {2024},
    title     = {Thesis Defense},
    url       = {https://xkcd.com/605/},
    urlaccessdate = {05 out. 2024}
}

@online{xkcd-realstate,
  organization = {XKCD},
  title        = {Real Estate Analysis},
  year         = {2024},
  url          = {https://xkcd.com/2796/},
  urlaccessdate = {05 out. 2024}
}

@online{nintendo,
  organization = {Nintendo},
  title        = {Personagens},
  year         = {2024},
  url          = {https://www.nintendo.com/pt-pt/Jogos/Portal-Nintendo/Portal-Super-Mario/Personagens-2493286.html},
  urlaccessdate = {05 out. 2024}
}


% Exemplo de citação da wikipedia
@inbook{wikipedia2024,
    title     = {Machine Learning},
    publisher = {Wikimedia},
    booktitle = {Wikip\'edia: a enciclop\'edia livre},
    year      = {2024},
    url       = {https://en.wikipedia.org/wiki/Machine_learning},
    urlaccessdate      = {05 out. 2024}
}
